<record><leader>00000cas a22000007a 4500</leader><controlfield tag="001">35369937</controlfield><controlfield tag="008">960905d1939194uokuwr n       0    0eng d</controlfield><datafield ind1=" " ind2=" " tag="010"><subfield code="a">sn 96093949 </subfield></datafield><datafield ind1=" " ind2=" " tag="040"><subfield code="a">OBN</subfield><subfield code="b">eng</subfield><subfield code="c">OBN</subfield><subfield code="d">OCLCQ</subfield><subfield code="d">OCLCF</subfield><subfield code="d">OCLCO</subfield></datafield><datafield ind1="1" ind2=" " tag="029"><subfield code="a">AU@</subfield><subfield code="b">000012845427</subfield></datafield><datafield ind1=" " ind2=" " tag="042"><subfield code="a">msc</subfield></datafield><datafield ind1=" " ind2=" " tag="043"><subfield code="a">n-us-ok</subfield></datafield><datafield ind1="0" ind2=" " tag="130"><subfield code="a">Times=herald (Chouteau, Okla.)</subfield></datafield><datafield ind1="1" ind2="4" tag="245"><subfield code="a">The times=herald.</subfield></datafield><datafield ind1=" " ind2=" " tag="260"><subfield code="a">Chouteau, Mayes County, Okla. :</subfield><subfield code="b">David M. Crockett</subfield></datafield><datafield ind1=" " ind2=" " tag="300"><subfield code="a">v.</subfield></datafield><datafield ind1=" " ind2=" " tag="310"><subfield code="a">Weekly</subfield></datafield><datafield ind1="0" ind2=" " tag="362"><subfield code="a">Vol. 35, no. 4 (Jan. 26, 1939)-v. 39, no. 24 (Aug. 5, 1943) ; v. 28, no. 25 (Aug. 12, 1943)-</subfield></datafield><datafield ind1=" " ind2=" " tag="500"><subfield code="a">Published in Locust Grove, Okla., Dec. 8, 1940-Sep. 30, 1943.</subfield></datafield><datafield ind1=" " ind2="0" tag="651"><subfield code="a">Locust Grove (Okla.)</subfield><subfield code="v">Newspapers.</subfield></datafield><datafield ind1=" " ind2="0" tag="651"><subfield code="a">Chouteau (Okla.)</subfield><subfield code="v">Newspapers.</subfield></datafield><datafield ind1=" " ind2="0" tag="651"><subfield code="a">Mayes County (Okla.)</subfield><subfield code="v">Newspapers.</subfield></datafield><datafield ind1=" " ind2="7" tag="655"><subfield code="a">Newspapers.</subfield><subfield code="2">fast</subfield><subfield code="0">(OCoLC)fst01423814</subfield></datafield><datafield ind1=" " ind2="7" tag="651"><subfield code="a">Oklahoma</subfield><subfield code="z">Chouteau.</subfield><subfield code="2">fast</subfield><subfield code="0">(OCoLC)fst01889077</subfield></datafield><datafield ind1=" " ind2="7" tag="651"><subfield code="a">Oklahoma</subfield><subfield code="z">Locust Grove.</subfield><subfield code="2">fast</subfield><subfield code="0">(OCoLC)fst01871808</subfield></datafield><datafield ind1=" " ind2="7" tag="651"><subfield code="a">Oklahoma</subfield><subfield code="z">Mayes County.</subfield><subfield code="2">fast</subfield><subfield code="0">(OCoLC)fst01218453</subfield></datafield><datafield ind1=" " ind2=" " tag="752"><subfield code="a">United States</subfield><subfield code="b">Oklahoma</subfield><subfield code="c">Mayes</subfield><subfield code="d">Locust Grove.</subfield></datafield><datafield ind1=" " ind2=" " tag="752"><subfield code="a">United States</subfield><subfield code="b">Oklahoma</subfield><subfield code="c">Mayes</subfield><subfield code="d">Chouteau.</subfield></datafield><datafield ind1="0" ind2="0" tag="780"><subfield code="t">Chouteau herald</subfield><subfield code="w">(DLC)sn 96093948</subfield><subfield code="w">(OCoLC)35369877</subfield></datafield></record>